%% This BibTeX bibliography file was created using BibDesk.
%% http://bibdesk.sourceforge.net/


%% Created for jasson at 2015-03-06 07:50:38 -0500 


%% Saved with string encoding Unicode (UTF-8) 



@inproceedings{pof,
	Author = {Song, Haoyu},
	Booktitle = {Proceedings of the second ACM SIGCOMM workshop on Hot topics in software defined networking},
	Date-Added = {2015-03-06 12:50:06 +0000},
	Date-Modified = {2015-03-06 12:50:33 +0000},
	Organization = {ACM},
	Pages = {127--132},
	Title = {Protocol-oblivious forwarding: Unleash the power of SDN through a future-proof forwarding plane},
	Year = {2013}}

@article{p4,
	Author = {Bosshart, Pat and Daly, Dan and Gibb, Glen and Izzard, Martin and McKeown, Nick and Rexford, Jennifer and Schlesinger, Cole and Talayco, Dan and Vahdat, Amin and Varghese, George and others},
	Date-Added = {2015-03-06 12:49:45 +0000},
	Date-Modified = {2015-03-06 12:50:38 +0000},
	Journal = {ACM SIGCOMM Computer Communication Review},
	Number = {3},
	Pages = {87--95},
	Publisher = {ACM},
	Title = {P4: Programming protocol-independent packet processors},
	Volume = {44},
	Year = {2014}}

@inproceedings{cnetcore,
	Author = {Schlesinger, Cole and Greenberg, Michael and Walker, David},
	Booktitle = {Proceedings of the 19th ACM SIGPLAN international conference on Functional programming},
	Date-Added = {2015-03-06 12:46:44 +0000},
	Date-Modified = {2015-03-06 12:48:29 +0000},
	Organization = {ACM},
	Pages = {11--24},
	Title = {Concurrent NetCore: from policies to pipelines},
	Year = {2014}}

@article{netkat,
	Author = {Anderson, Carolyn Jane and Foster, Nate and Guha, Arjun and Jeannin, Jean-Baptiste and Kozen, Dexter and Schlesinger, Cole and Walker, David},
	Date-Added = {2015-03-06 12:46:22 +0000},
	Date-Modified = {2015-03-06 12:48:16 +0000},
	Journal = {ACM SIGPLAN Notices},
	Number = {1},
	Pages = {113--126},
	Publisher = {ACM},
	Title = {NetKAT: Semantic foundations for networks},
	Volume = {49},
	Year = {2014}}
